<record xmlns="http://www.loc.gov/MARC21/slim" xmlns:xsi="http://www.w3.org/2001/XMLSchema-instance" xsi:schemaLocation="http://www.loc.gov/MARC21/slim http://www.loc.gov/standards/marcxml/schema/MARC21slim.xsd"><leader>     nam a22        4500</leader><controlfield tag="001">3063605</controlfield><controlfield tag="003">NNC</controlfield><controlfield tag="006">m        d        </controlfield><controlfield tag="007">cr cn |||m|||a</controlfield><controlfield tag="008">150316s1945    ua      ob    000 0 ara d</controlfield><datafield ind1=" " ind2=" " tag="040"><subfield code="a">NNU</subfield><subfield code="b">eng</subfield><subfield code="e">rda</subfield><subfield code="c">NNU</subfield></datafield><datafield ind1="1" ind2=" " tag="100"><subfield code="6">880-01</subfield><subfield code="a">T&#803;awi&#772;l, Tawfi&#772;q.</subfield></datafield><datafield ind1="1" ind2="3" tag="245"><subfield code="6">880-02</subfield><subfield code="a">Al-Sha&#699;ra&#772;ni&#772;  /</subfield><subfield code="b">ima&#772;m al-tas&#803;auwuf fi&#772; &#699;as&#803;rih.</subfield></datafield><datafield ind1="1" ind2=" " tag="246"><subfield code="6">880-03</subfield><subfield code="i">At head of title:</subfield><subfield code="a">Lajnat tarjamat Da&#772;&#700;irat al-ma&#699;a&#772;rif al-isla&#772;mi&#772;yah</subfield></datafield><datafield ind1=" " ind2=" " tag="260"><subfield code="6">880-04</subfield><subfield code="a">[Mis&#803;r] :</subfield><subfield code="b">&#699;I&#772;sa&#769; al-Ba&#772;bi&#772; al-H&#803;alabi&#772;, </subfield><subfield code="c">[1945]</subfield></datafield><datafield ind1=" " ind2=" " tag="300"><subfield code="a">online resource (158 pages)</subfield></datafield><datafield ind1=" " ind2=" " tag="336"><subfield code="a">text</subfield><subfield code="2">rdacontent</subfield></datafield><datafield ind1=" " ind2=" " tag="337"><subfield code="a">computer</subfield><subfield code="2">rdamedia</subfield></datafield><datafield ind1=" " ind2=" " tag="338"><subfield code="a">online resource</subfield><subfield code="2">rdacarrier</subfield></datafield><datafield ind1=" " ind2=" " tag="500"><subfield code="a">Part of the Arabic Collections Online (ACO) project, contributed by Columbia University Libraries.</subfield></datafield><datafield ind1=" " ind2=" " tag="504"><subfield code="a">Includes bibliographical references (pages 155-157).</subfield></datafield><datafield ind1=" " ind2=" " tag="533"><subfield code="a">Electronic reproduction.</subfield><subfield code="b">New York, N.Y. :</subfield><subfield code="c">New York University,</subfield><subfield code="d">2015.</subfield><subfield code="5">NNU</subfield></datafield><datafield ind1=" " ind2="0" tag="650"><subfield code="a">Sufism.</subfield></datafield><datafield ind1="1" ind2="0" tag="600"><subfield code="6">880-05</subfield><subfield code="a">Sha&#699;ra&#772;ni&#772;, &#699;Abd al-Wahha&#772;b ibn Ah&#803;mad,</subfield><subfield code="d">approximately 1493-1565 or 1566.</subfield></datafield><datafield ind1="1" ind2="7" tag="600"><subfield code="a">Sha&#699;ra&#772;ni&#772;, &#699;Abd al-Wahha&#772;b ibn Ah&#803;mad,</subfield><subfield code="d">approximately 1493-1565 or 1566.</subfield><subfield code="2">fast</subfield><subfield code="0">(OCoLC)fst01847022</subfield></datafield><datafield ind1=" " ind2="7" tag="650"><subfield code="a">Sufism.</subfield><subfield code="2">fast</subfield><subfield code="0">(OCoLC)fst01137257</subfield></datafield><datafield ind1="2" ind2=" " tag="710"><subfield code="a">Columbia University.</subfield><subfield code="b">Libraries.</subfield></datafield><datafield ind1="0" ind2=" " tag="730"><subfield code="a">Arabic Collections Online.</subfield></datafield><datafield ind1="0" ind2="8" tag="776"><subfield code="i">Print version:</subfield><subfield code="a">T&#803;awi&#772;l, Tawfi&#772;q.</subfield><subfield code="t">Al-Sha&#699;ra&#772;ni&#772;</subfield><subfield code="w">(NNC)3063605</subfield><subfield code="w">(OCoLC)47760873</subfield></datafield><datafield ind1="4" ind2="0" tag="856"><subfield code="u">http://hdl.handle.net/2333.1/pnvx0nnt</subfield></datafield><datafield ind1="1" ind2=" " tag="880"><subfield code="6">100-01/r</subfield><subfield code="a">&#1591;&#1608;&#1610;&#1604;&#1548; &#1578;&#1608;&#1601;&#1610;&#1602;.</subfield></datafield><datafield ind1="1" ind2="2" tag="880"><subfield code="6">245-02/r</subfield><subfield code="a">&#1575;&#1604;&#1588;&#1593;&#1585;&#1575;&#1606;&#1610;  /</subfield><subfield code="b">&#1575;&#1605;&#1575;&#1605; &#1575;&#1604;&#1578;&#1589;&#1608;&#1601; &#1601;&#1610; &#1593;&#1589;&#1585;&#1607;.</subfield></datafield><datafield ind1="1" ind2=" " tag="880"><subfield code="6">246-03/r</subfield><subfield code="i">At head of title: </subfield><subfield code="a">&#1604;&#1580;&#1606;&#1577; &#1578;&#1585;&#1580;&#1605;&#1577; &#1583;&#1575;&#1574;&#1585;&#1577; &#1575;&#1604;&#1605;&#1593;&#1575;&#1585;&#1601; &#1575;&#1604;&#1575;&#1587;&#1604;&#1575;&#1605;&#1610;&#1577;</subfield></datafield><datafield ind1=" " ind2=" " tag="880"><subfield code="6">260-04/r</subfield><subfield code="a">[&#1605;&#1589;&#1585;] :</subfield><subfield code="b">&#1593;&#1610;&#1587;&#1609; &#1575;&#1604;&#1576;&#1575;&#1576;&#1610; &#1575;&#1604;&#1581;&#1604;&#1576;&#1610;&#1548; </subfield><subfield code="c">[1945]</subfield></datafield><datafield ind1="1" ind2="0" tag="880"><subfield code="6">600-05/r</subfield><subfield code="a">&#1588;&#1593;&#1585;&#1575;&#1606;&#1610;&#1548; &#1593;&#1576;&#1583; &#1575;&#1604;&#1608;&#1607;&#1575;&#1576; &#1576;&#1606; &#1575;&#1581;&#1605;&#1583;&#1548;</subfield><subfield code="d">approximately 1493-1565 or 1566.</subfield></datafield><datafield ind1=" " ind2=" " tag="959"><subfield code="a">NNU</subfield><subfield code="b">WEB</subfield><subfield code="c">GENI</subfield><subfield code="t">0</subfield><subfield code="m">Electronic access</subfield><subfield code="s">01</subfield></datafield><datafield ind1=" " ind2=" " tag="999"><subfield code="i">NNC_3063605</subfield><subfield code="o">(OCoLC)ocm47760873</subfield><subfield code="e">(ERROR-880)</subfield><subfield code="s">columbia_aco000315</subfield></datafield></record>